@Article{aires,
  author =       {Lakshmanan, V. and Witt, A.},
  title =        {A Fuzzy Logic Approach to Detecting Severe Updrafts},
  journal =      {AI Appl.},
  year =         {1997},
  volume =       {11},
  number =       {1},
  month =        {May},
  pages =        {1-12}
}

@InProceedings{annie,
  author = 	 "Lakshmanan, V. and Witt, A.",
  title = 	 "A Fuzzy Logic Classifier for the Detection of
		  Bounded Weak Echo Regions in
		  Meteorological Images",
  booktitle = 	 "Artificial Neural Networks in Engineering {ANNIE~'96}",
  year = 	 "1996",
  pages = "513-518",
  address = {St. Louis, MO},
  organization = "ASME Press",
}

@InProceedings{csi,
  author = 	 "Donaldson, R.J. and Dyer,R.M. and Krauss, M.J.",
  title = 	 "An Objective Evaluator of Techniques for Predicting
		  Severe Weather Events",
  year = 	 "1975",
  pages = "321-326",
  address = {Norman, OK},		  
  booktitle = 	 "Preprints, Ninth Conf. on Severe Local Storms",
  organization = "Amer. Meteor. Soc.",
}

@PhdThesis{dejong,
  author = 	 {DeJong, K.A.},
  title = 	 {An Analysis of the Behavior of a Class of Genetic
		  Adaptive Systems},
  school = 	 {University of Michigan},
  year = 	 {1975},
}

@TechReport{doswell,
  author = 	 "Doswell, C.",
  title = 	 "The Operational Meteorology of Convective Weather:
		  Storm Scale Analysis",
  institution =  "Environmental Sciences Group",
  address = {Boulder, CO},		  
  year = 	 "1985",
}

@Book{goldberg,
  author = 	 {Goldberg, D.},
  title = 	 {Genetic Algorithms in Search, Optimization, and
		  Machine Learning},
  publisher = 	 {Addison-Wesley Publishing Company, Inc.},
  year = 	 {1989},
  pages =        {432}
}
